@article{simclr,
  author     = {Ting Chen and
                Simon Kornblith and
                Mohammad Norouzi and
                Geoffrey E. Hinton},
  title      = {A Simple Framework for Contrastive Learning of Visual Representations},
  journal    = {CoRR},
  volume     = {abs/2002.05709},
  year       = {2020},
  url        = {https://arxiv.org/abs/2002.05709},
  eprinttype = {arXiv},
  eprint     = {2002.05709},
  timestamp  = {Tue, 06 Aug 2024 08:21:19 +0200},
  biburl     = {https://dblp.org/rec/journals/corr/abs-2002-05709.bib},
  bibsource  = {dblp computer science bibliography, https://dblp.org}
}

@misc{beta-vae,
  title         = {Understanding disentangling in $\beta$-VAE},
  author        = {Christopher P. Burgess and Irina Higgins and Arka Pal and Loic Matthey and Nick Watters and Guillaume Desjardins and Alexander Lerchner},
  year          = {2018},
  eprint        = {1804.03599},
  archiveprefix = {arXiv},
  primaryclass  = {stat.ML},
  url           = {https://arxiv.org/abs/1804.03599}
}